<?xml version="1.0" encoding="UTF-8" ?><marc:collection xmlns:marc="http://www.loc.gov/MARC21/slim" xmlns:xsi="http://www.w3.org/2001/XMLSchema-instance" xsi:schemaLocation="http://www.loc.gov/MARC21/slim http://www.loc.gov/standards/marcxml/schema/MARC21slim.xsd">
<marc:record><marc:leader>02838cas a2200553 i 4500</marc:leader>
<marc:controlfield tag="001">202998709</marc:controlfield>
<marc:controlfield tag="003">SiSiNL</marc:controlfield><marc:controlfield tag="005">20240813175107.0</marc:controlfield><marc:controlfield tag="008">100730c20099999cc ar         0    0chi c</marc:controlfield><marc:datafield tag="010" ind1=" " ind2=" "><marc:subfield code="a">  2011211351</marc:subfield></marc:datafield><marc:datafield tag="020" ind1=" " ind2=" "><marc:subfield code="a">750979241X</marc:subfield><marc:subfield code="q">(2016/2017)</marc:subfield></marc:datafield><marc:datafield tag="020" ind1=" " ind2=" "><marc:subfield code="a">9787509792414</marc:subfield><marc:subfield code="q">(2016/2017)</marc:subfield></marc:datafield><marc:datafield tag="035" ind1=" " ind2=" "><marc:subfield code="a">(OCoLC)650994778</marc:subfield></marc:datafield><marc:datafield tag="040" ind1=" " ind2=" "><marc:subfield code="a">CNEAL</marc:subfield><marc:subfield code="b">eng</marc:subfield><marc:subfield code="e">rda</marc:subfield><marc:subfield code="c">CNEAL</marc:subfield><marc:subfield code="d">DLC</marc:subfield><marc:subfield code="d">OCLCQ</marc:subfield><marc:subfield code="d">OCLCF</marc:subfield><marc:subfield code="d">OCLCO</marc:subfield><marc:subfield code="d">ZCU</marc:subfield><marc:subfield code="d">OCLCO</marc:subfield><marc:subfield code="d">CNUTO</marc:subfield><marc:subfield code="d">SINLB</marc:subfield></marc:datafield><marc:datafield tag="041" ind1="0" ind2=" "><marc:subfield code="a">chi</marc:subfield><marc:subfield code="b">eng</marc:subfield><marc:subfield code="f">eng</marc:subfield></marc:datafield><marc:datafield tag="042" ind1=" " ind2=" "><marc:subfield code="a">pcc</marc:subfield></marc:datafield><marc:datafield tag="043" ind1=" " ind2=" "><marc:subfield code="a">a-cc---</marc:subfield></marc:datafield><marc:datafield tag="050" ind1="0" ind2="0"><marc:subfield code="a">HF3831</marc:subfield><marc:subfield code="b">.Z5836</marc:subfield></marc:datafield><marc:datafield tag="082" ind1="0" ind2="4"><marc:subfield code="a">381.0951</marc:subfield><marc:subfield code="2">23</marc:subfield></marc:datafield><marc:datafield tag="245" ind1="0" ind2="0"><marc:subfield code="6">880-01</marc:subfield><marc:subfield code="a">Zhongguo shang ye fa zhan bao gao =</marc:subfield><marc:subfield code="b">Annual report on China's commercial sector.</marc:subfield></marc:datafield><marc:datafield tag="246" ind1="3" ind2="1"><marc:subfield code="a">Annual report on China's commercial sector</marc:subfield></marc:datafield><marc:datafield tag="264" ind1=" " ind2="1"><marc:subfield code="6">880-02</marc:subfield><marc:subfield code="a">Beijing Shi :</marc:subfield><marc:subfield code="b">She hui ke xue wen xian chu ban she,</marc:subfield><marc:subfield code="c">2009-</marc:subfield></marc:datafield><marc:datafield tag="300" ind1=" " ind2=" "><marc:subfield code="a">volumes :</marc:subfield><marc:subfield code="b">illustrations, charts ;</marc:subfield><marc:subfield code="c">24 cm.</marc:subfield></marc:datafield><marc:datafield tag="310" ind1=" " ind2=" "><marc:subfield code="a">Annual</marc:subfield></marc:datafield><marc:datafield tag="336" ind1=" " ind2=" "><marc:subfield code="a">text</marc:subfield><marc:subfield code="b">txt</marc:subfield><marc:subfield code="2">rdacontent</marc:subfield><marc:subfield code="0">http://id.loc.gov/vocabulary/contentTypes/txt</marc:subfield></marc:datafield><marc:datafield tag="337" ind1=" " ind2=" "><marc:subfield code="a">unmediated</marc:subfield><marc:subfield code="b">n</marc:subfield><marc:subfield code="2">rdamedia</marc:subfield><marc:subfield code="0">http://id.loc.gov/vocabulary/mediaTypes/n</marc:subfield></marc:datafield><marc:datafield tag="338" ind1=" " ind2=" "><marc:subfield code="a">volume</marc:subfield><marc:subfield code="b">nc</marc:subfield><marc:subfield code="2">rdacarrier</marc:subfield><marc:subfield code="0">http://id.loc.gov/vocabulary/carriers/nc</marc:subfield></marc:datafield><marc:datafield tag="362" ind1="1" ind2=" "><marc:subfield code="a">Began with: 2008/2009, published in 2009.</marc:subfield></marc:datafield><marc:datafield tag="490" ind1="1" ind2=" "><marc:subfield code="6">880-03</marc:subfield><marc:subfield code="3">2008/2009-2010/2011:</marc:subfield><marc:subfield code="a">Shang ye lan pi shu =</marc:subfield><marc:subfield code="a">Blue book of commercial sector</marc:subfield></marc:datafield><marc:datafield tag="490" ind1="1" ind2=" "><marc:subfield code="6">880-04</marc:subfield><marc:subfield code="3">&lt;2011/2012-&gt; :</marc:subfield><marc:subfield code="a">Liu tong lan pi shu =</marc:subfield><marc:subfield code="a">Blue book of commercial sector</marc:subfield></marc:datafield><marc:datafield tag="546" ind1=" " ind2=" "><marc:subfield code="a">Abstract and table of contents also in English.</marc:subfield></marc:datafield><marc:datafield tag="588" ind1=" " ind2=" "><marc:subfield code="a">Description based on: 2008/2009; title from title page.</marc:subfield></marc:datafield><marc:datafield tag="588" ind1=" " ind2=" "><marc:subfield code="a">Latest issue consulted: 2016/2017.</marc:subfield></marc:datafield><marc:datafield tag="651" ind1=" " ind2="0"><marc:subfield code="a">China</marc:subfield><marc:subfield code="x">Commerce</marc:subfield><marc:subfield code="v">Periodicals.</marc:subfield><marc:subfield code="0">http://id.loc.gov/authorities/subjects/sh2008114665</marc:subfield></marc:datafield><marc:datafield tag="651" ind1=" " ind2="0"><marc:subfield code="a">China</marc:subfield><marc:subfield code="x">Economic conditions</marc:subfield><marc:subfield code="y">2000-</marc:subfield><marc:subfield code="v">Periodicals.</marc:subfield></marc:datafield><marc:datafield tag="830" ind1=" " ind2="0"><marc:subfield code="6">880-05</marc:subfield><marc:subfield code="a">Shang ye lan pi shu.</marc:subfield><marc:subfield code="0">http://id.loc.gov/authorities/names/no2016012183</marc:subfield></marc:datafield><marc:datafield tag="830" ind1=" " ind2="0"><marc:subfield code="6">880-06</marc:subfield><marc:subfield code="a">Liu tong lan pi shu.</marc:subfield><marc:subfield code="0">http://id.loc.gov/authorities/names/no2016012176</marc:subfield></marc:datafield><marc:datafield tag="880" ind1="0" ind2="0"><marc:subfield code="6">245-01</marc:subfield><marc:subfield code="a">中国商业发展报告✹ =</marc:subfield><marc:subfield code="b">Annual report on China's commercial sector.</marc:subfield></marc:datafield><marc:datafield tag="880" ind1=" " ind2="1"><marc:subfield code="6">264-02</marc:subfield><marc:subfield code="a">北京市✹ :</marc:subfield><marc:subfield code="b">社会科学文献出版社,</marc:subfield><marc:subfield code="c">2009-</marc:subfield></marc:datafield><marc:datafield tag="880" ind1="1" ind2=" "><marc:subfield code="6">490-03</marc:subfield><marc:subfield code="3">2008/2009-2010/2011:</marc:subfield><marc:subfield code="a">商业蓝皮书✹ =</marc:subfield><marc:subfield code="a">Blue book of commercial sector</marc:subfield></marc:datafield><marc:datafield tag="880" ind1="1" ind2=" "><marc:subfield code="6">490-04</marc:subfield><marc:subfield code="3">&lt;2011/2012-&gt; :</marc:subfield><marc:subfield code="a">流通蓝皮书✹ =</marc:subfield><marc:subfield code="a">Blue book of commercial sector</marc:subfield></marc:datafield><marc:datafield tag="880" ind1=" " ind2=" "><marc:subfield code="6">500-00</marc:subfield><marc:subfield code="a">刊号2011/2012起其丛刊为流通蓝皮书.</marc:subfield></marc:datafield><marc:datafield tag="880" ind1=" " ind2=" "><marc:subfield code="6">546-00</marc:subfield><marc:subfield code="a">附英文摘要与目录.</marc:subfield></marc:datafield><marc:datafield tag="880" ind1=" " ind2=" "><marc:subfield code="6">596-00</marc:subfield><marc:subfield code="a">中国国家图书馆赠新加坡国家图书馆管理局✹✹✹✹✹ B].</marc:subfield></marc:datafield><marc:datafield tag="880" ind1=" " ind2="0"><marc:subfield code="6">830-05</marc:subfield><marc:subfield code="a">商业蓝皮书.</marc:subfield><marc:subfield code="0">http://id.loc.gov/authorities/names/no2016012183</marc:subfield></marc:datafield><marc:datafield tag="880" ind1=" " ind2="0"><marc:subfield code="6">830-06</marc:subfield><marc:subfield code="a">流通蓝皮书.</marc:subfield><marc:subfield code="0">http://id.loc.gov/authorities/names/no2016012176</marc:subfield></marc:datafield><marc:datafield tag="984" ind1=" " ind2=" "><marc:subfield code="a">NLB</marc:subfield><marc:subfield code="c">381.0951 ARCCS</marc:subfield><marc:subfield code="d">2016/2017-</marc:subfield></marc:datafield><marc:datafield tag="595" ind1=" " ind2=" "><marc:subfield code="a">CE004396</marc:subfield></marc:datafield><marc:datafield tag="596" ind1=" " ind2=" "><marc:subfield code="a">Donated by National Library of China [B32553593B].</marc:subfield></marc:datafield></marc:record>
</marc:collection>
